<record><leader>00000cas a22000007a 4500</leader><controlfield tag="001">12338741</controlfield><controlfield tag="008">850802d18711962mouwr ne      0    0eng d</controlfield><datafield ind1=" " ind2=" " tag="010"><subfield code="a">sn 85033945 </subfield></datafield><datafield ind1=" " ind2=" " tag="040"><subfield code="a">NPU</subfield><subfield code="b">eng</subfield><subfield code="c">NPU</subfield><subfield code="d">NPT</subfield><subfield code="d">NPX</subfield><subfield code="d">MQN</subfield><subfield code="d">OCLCQ</subfield></datafield><datafield ind1=" " ind2=" " tag="042"><subfield code="a">msc</subfield></datafield><datafield ind1="0" ind2=" " tag="130"><subfield code="a">Missouri cash-book (Jackson, Mo. : 1871)</subfield></datafield><datafield ind1="1" ind2="4" tag="245"><subfield code="a">The Missouri cash-book.</subfield></datafield><datafield ind1=" " ind2=" " tag="260"><subfield code="a">Jackson, Mo. :</subfield><subfield code="b">Malone &amp; Priest,</subfield><subfield code="c">1871-1962.</subfield></datafield><datafield ind1=" " ind2=" " tag="300"><subfield code="a">v. ;</subfield><subfield code="c">61 cm.</subfield></datafield><datafield ind1=" " ind2=" " tag="310"><subfield code="a">Weekly</subfield></datafield><datafield ind1="0" ind2=" " tag="362"><subfield code="a">Vol. 1, no. 1 (Aug. 4, 1871)-v. 92, no. 5 (May 10, 1962).</subfield></datafield><datafield ind1=" " ind2=" " tag="752"><subfield code="a">United States</subfield><subfield code="b">Missouri</subfield><subfield code="c">Cape Girardeau</subfield><subfield code="d">Jackson.</subfield></datafield><datafield ind1="0" ind2="7" tag="785"><subfield code="t">Cape County post</subfield><subfield code="w">(DLC)sn 89066588</subfield></datafield><datafield ind1="0" ind2="7" tag="785"><subfield code="t">Jackson pioneer</subfield><subfield code="w">(DLC)sn 89066589</subfield></datafield></record>